@Comment{Original Power API refs}


@article{grant2016standardizing,
  title={Standardizing power monitoring and control at exascale},
  author={Grant, Ryan E and Levenhagen, Michael and Olivier, Stephen L and DeBonis, David and Pedretti, Kevin T and Laros III, James H},
  journal={Computer},
  volume={49},
  number={10},
  pages={38--46},
  year={2016},
  publisher={IEEE}
}

@Comment{Use Case references}
@book{UseCasePractical,
  title = {{Apply Use Cases: A Practical Guide, Second Edition}},
  author = {Geri Schneider and Jason Winters},
  publisher = {Addison-Wesley},
  year = {2001},
}

@book{Jacobson:1992,
  title = {{Object Oriented Software Engineering: A Use Case Driven Approach}},
  author = {Ivar Jacobson},
  publisher = {Addison-Wesley},
  year = {1992},
}

@book{GangOfThree:1999,
  title = {{The Unified Modeling Language Reference Manual}},
  author = {Grady Booch and Ivar Jacobson and James Rumbaugh},
  year = {1999},
  publisher = {{Addison-Wesley}},
}

@misc{Laros:2013:PwrUseCase,
  author    = {James H Laros and
               Suzanne M Kelly and
               Steven Hammond and
               Ryan Elmore and
               Kristin Munch},
  title     = {{Power/Energy Use Cases for High Performance Computing}},
  howpublished = {Internal {SAND} Report {SAND2013-10789}},
  keywords  = {SAND2013-10789},
 note = "\url{https://cfwebprod.sandia.gov/cfdocs/CompResearch/docs/UseCase-powapi.pdf}",
}

@Comment{Actor: Facility Manager with System: Facility Hardware}
@INPROCEEDINGS{6604474,
author={Patel, J.U. and Guercio, S.J. and Bruno, A.E. and Jones, M.D. and Furlani, T.R.},
booktitle={Green Computing Conference (IGCC), 2013 International},
title={{Implementing green technologies and practices in a high performance computing center}},
year={2013},
month={June},
pages={1-8},
keywords={computational fluid dynamics;computer centres;cooling;green computing;parallel processing;power aware computing;CFD models;HPC data center rack;air flow optimization;air handler placement;bypass airflow management;center cooling infrastructure efficiency;complete environmental monitoring system;computational fluid dynamics;energy awareness policy;energy savings;energy-aware technologies;green technologies;high performance computing data center;large data center air handling units;perforated tile optimization;rack-based chillers;subfloor leak management;total energy consumption;unneeded region isolation;Atmospheric modeling;Cooling;Frequency measurement;Lead;Monitoring;Power measurement;Wireless communication;Data center efficiency;Green IT;NYSERDA;data center monitoring;design studies;energy-aware systems;measurements;modelling and prediction;performance analysis and design},
doi={10.1109/IGCC.2013.6604474},}

@INPROCEEDINGS{6604496,
author={Brocanelli, M. and Sen Li and Xiaorui Wang and Wei Zhang},
booktitle={Green Computing Conference (IGCC), 2013 International},
title={{Joint management of data centers and electric vehicles for maximized regulation profits}},
year={2013},
month={June},
pages={1-10},
keywords={data center, electric cars, frequency regulation},
doi={10.1109/IGCC.2013.6604496},}

@Comment{Actor: Facility Manager with System: HPCS Manager}
@INPROCEEDINGS{5488433,
author={Yuan Chen and Gmach, D. and Hyser, C. and Zhikui Wang and Bash, C. and Hoover, C. and Singhal, S.},
booktitle={Network Operations and Management Symposium (NOMS), 2010 IEEE},
title={{Integrated management of application performance, power and cooling in data centers}},
year={2010},
month={April},
pages={615-622},
keywords={computer centres;computer network management;cooling;application performance management;cooling infrastructure;data centers;dynamic workload migration;energy consumption reduction;integrated management;power infrastructure;Cooling;Costs;Energy consumption;Energy efficiency;Energy management;Laboratories;Production;Resource management;Temperature control;Thermal management},
doi={10.1109/NOMS.2010.5488433},
ISSN={1542-1201},}

@article{Liu:2012:RCA:2318857.2254779,
 author = {Liu, Zhenhua and Chen, Yuan and Bash, Cullen and Wierman, Adam and Gmach, Daniel and Wang, Zhikui and Marwah, Manish and Hyser, Chris},
 title = {{Renewable and Cooling Aware Workload Management for Sustainable Data Centers}},
 journal = {SIGMETRICS Perform. Eval. Rev.},
 issue_date = {June 2012},
 volume = {40},
 number = {1},
 month = jun,
 year = {2012},
 issn = {0163-5999},
 pages = {175--186},
 numpages = {12},
 url = {http://doi.acm.org/10.1145/2318857.2254779},
 doi = {10.1145/2318857.2254779},
 acmid = {2254779},
 publisher = {ACM},
 address = {New York, NY, USA},
 keywords = {cooling optimization, demand shaping, renewable energy, scheduling, sustainable data center},
} 

@inproceedings{Chen:2013:DSP:2561828.2561853,
 author = {Chen, Hao and Hankendi, Can and Caramanis, Michael C. and Coskun, Ayse K.},
 title = {{Dynamic Server Power Capping for Enabling Data Center Participation in Power Markets}},
 booktitle = {Proceedings of the International Conference on Computer-Aided Design},
 series = {ICCAD '13},
 year = {2013},
 isbn = {978-1-4799-1069-4},
 location = {San Jose, California},
 pages = {122--129},
 numpages = {8},
 url = {http://dl.acm.org/citation.cfm?id=2561828.2561853},
 acmid = {2561853},
 publisher = {IEEE Press},
 address = {Piscataway, NJ, USA},
} 

@Comment{Actor: HPCS Manager with System: HPCS Resource Manager}
@inproceedings{Yang:2013:IDP:2503210.2503264,
 author = {Yang, Xu and Zhou, Zhou and Wallace, Sean and Lan, Zhiling and Tang, Wei and Coghlan, Susan and Papka, Michael E.},
 title = {{Integrating Dynamic Pricing of Electricity into Energy Aware Scheduling for HPC Systems}},
 booktitle = {Proceedings of SC13:  International Conference for High Performance Computing, Networking, Storage and Analysis},
 series = {SC '13},
 year = {2013},
 isbn = {978-1-4503-2378-9},
 location = {Denver, Colorado},
 pages = {60:1--60:11},
 articleno = {60},
 numpages = {11},
 url = {http://doi.acm.org/10.1145/2503210.2503264},
 doi = {10.1145/2503210.2503264},
 acmid = {2503264},
 publisher = {ACM},
 address = {New York, NY, USA},
 keywords = {electricity bill, job scheduling, power, system utilization},
} 

@inproceedings{Wallace:2013:CLUSTER:2503210.2503264,
 author = {Wallace, Sean and Vishwanath, Venkatram and Coghlan, Susan and Tramm, John and Lan, Zhiling and Papka, Michael E.},
 title = {{Application Power Profiling on IBM Blue Gene/Q}},
 booktitle = {Proceedings of 2013 International Conference on Cluster Computing},
 year = {2013},
 location = {Indianapolis, Indiana},
 numpages = {8},
 url = {http://ieeexplore.ieee.org/xpl/articleDetails.jsp?arnumber=6702682},
 doi = {10.1109/CLUSTER.2013.6702682},
 publisher = {IEEE},
} 

@Comment{Actor: HPCS Resource Manager with System: HPCS Monitor and Control}
@article{Shoukourian2013,
title = {Monitoring Power Data: A First Step Towards a Unified Energy Efficiency Evaluation Toolset for HPC data centers },
journal = "Environmental Modeling \& Software ",
year = "2013",
note = "",
issn = "1364-8152",
doi = "http://dx.doi.org/10.1016/j.envsoft.2013.11.011",
url = "http://www.sciencedirect.com/science/article/pii/S1364815213002934",
author = "Hayk Shoukourian and Torsten Wilde and Axel Auweter and Arndt Bode",
keywords = "Energy consumption",
keywords = "PowerDAM",
keywords = "Energy-to-Solution (EtS)",
keywords = "Energy measurement",
keywords = "Energy efficiency toolset",
keywords = "\{HPC\} data center "
}

@inproceedings{conf:icdcn:GeorgiouCGAJH14,
  added-at = {2014-01-13T00:00:00.000+0100},
  author = {Georgiou, Yiannis and Cadeau, Thomas and Glesser, David and Auble, Danny and Jette, Morris and Hautreux, Matthieu},
  biburl = {http://www.bibsonomy.org/bibtex/21e219220434e20c34b33b15a42de6559/dblp},
  booktitle = {ICDCN},
  editor = {Chatterjee, Mainak and Cao, Jian-Nong and Kothapalli, Kishore and Rajsbaum, Sergio},
  ee = {http://dx.doi.org/10.1007/978-3-642-45249-9_7},
  interhash = {f4066bb879463e48d94caa79d457552e},
  intrahash = {1e219220434e20c34b33b15a42de6559},
  isbn = {978-3-642-45248-2},
  keywords = {dblp},
  pages = {96-118},
  publisher = {Springer},
  series = {Lecture Notes in Computer Science},
  title = {{Energy Accounting and Control with SLURM Resource and Job Management System.}},
  url = {http://dblp.uni-trier.de/db/conf/icdcn/icdcn2014.html#GeorgiouCGAJH14},
  volume = 8314,
  year = 2014
}

@Comment{Actor: HPCS Resource Manager with System: HPCS Operating System}
@Article{Trader:2013:report:GreenComputing,
  journal = {Green Computing Report},
  title = {{Green Power Management Deep Dive}},
  author = {Tiffany Trader},
  month = {June},
  year = {2013},
  note = "\url{http://www.greencomputingreport.com/gcr/2013-06-05/green_power_management_deep_dive.html}",
},

@Comment{Actor: HPCS Operating System with System: HPCS Hardware}
@INPROCEEDINGS{6337489,
author={Weaver, V.M. and Johnson, M. and Kasichayanula, K. and Ralph, J. and Luszczek, P. and Terpstra, D. and Moore, S.},
booktitle={Parallel Processing Workshops (ICPPW), 2012 41st International Conference on},
title={{Measuring Energy and Power with PAPI}},
year={2012},
month={Sept},
pages={262-268},
keywords={application program interfaces;graphics processing units;power consumption;program diagnostics;real-time systems;CPU;GPU;PAPI API;PAPI analysis library;critical metrics;energy consumption;energy readings;external power meters;high performance systems;instrumented process;performance API analysis library;performance counters;power consumption;power readings;real time code analysis;Current measurement;Energy measurement;Hardware;Instruments;Plasmas;Power measurement;Radiation detectors;energy measurement;performance analysis;power measurement},
doi={10.1109/ICPPW.2012.39},
ISSN={1530-2016},}


@Comment{Actor: HPCS Monitor and Control with System: HPCS Hardware}

@Comment{Actor: HPC Application with System: HPCS Operating System}
@article{Vishnu:2013:JSC:s11227-011-0699-9,
year={2013},
issn={0920-8542},
journal={The Journal of Supercomputing},
volume={63},
number={3},
doi={10.1007/s11227-011-0699-9},
title={{Designing energy efficient communication runtime systems: a view from PGAS models}},
url={http://dx.doi.org/10.1007/s11227-011-0699-9},
publisher={Springer US},
keywords={Communication runtime system; DVFS; Energy efficiency; InfiniBand},
author={Vishnu, Abhinav and Song, Shuaiwen and Marquez, Andres and Barker, Kevin and Kerbyson, Darren and Cameron, Kirk and Balaji, Pavan},
pages={691-709},
language={English}
}

@inproceedings{Mills:2013:EES:2536430.2536432,
 author = {Mills, Bryan and Grant, Ryan E. and Ferreira, Kurt B. and Riesen, Rolf},
 title = {{Evaluating Energy Savings for Checkpoint/Restart}},
 booktitle = {Proceedings of the 1st International Workshop on Energy Efficient Supercomputing},
 series = {E2SC '13},
 year = {2013},
 isbn = {978-1-4503-2504-2},
 location = {Denver, Colorado},
 pages = {6:1--6:8},
 articleno = {6},
 numpages = {8},
 url = {http://doi.acm.org/10.1145/2536430.2536432},
 doi = {10.1145/2536430.2536432},
 acmid = {2536432},
 publisher = {ACM},
 address = {New York, NY, USA},
 keywords = {checkpointing, energy, energy saving, fault tolerance, power, power saving},
} 

@inproceedings{Bertran:2013:IBM:2012.2227580,
 author = {Bertran, R. and Sugawara, Y. and Jacobson, H. M. and Buyuktosunoglu, A. and Bose, P.},
 title = {{Application-level power and performance characterization and optimization on IBM Blue Gene/Q systems}},
 booktitle = {IBM Journal of Research and Development},
 year = {2013},
 volume = {57},
 numpages = {8},
 url = {http://ieeexplore.ieee.org/xpl/freeabs_all.jsp?arnumber=6461437},
} 

@Comment{Actor: HPCS Accounting with System: HPCS Monitoring and Control}
@Comment{Actor: HPC User with System: HPCS Monitoring and Control}
@misc{Georgiou:2013:Bull,
  author    = {Yiannis Georgiou},
  title     = {{Energy Accounting and Control on HPC clusters}},
  month = {November},
  year      = {2013},
 note = "\url{http://perso.ens-lyon.fr/laurent.lefevre/greendayslille/greendayslille_Yiannis_Georgiou.pdf}",
}

@Comment{Actor: HPCS Admin with System: HPCS Monitoring and Control}
@INPROCEEDINGS{6604481,
author={Ramakrishna, P.V. and Kaushik, G. and Sudhakar, K.L. and Thiagarajan, G. and Sivasubramaniam, A.},
booktitle={Green Computing Conference (IGCC), 2013 International},
title={{Online system for energy assessment in large facilities - Methodology amp; A real-world case study}},
year={2013},
month={June},
pages={1-9},
keywords={building management systems;energy consumption;evolutionary computation;genetic algorithms;power meters;search problems;statistical analysis;energy assessment;energy consumption meter;energy consumption modeling;evolutionary search techniques;facility energy behavior;online system;statistical analytics;Analytical models;Atmospheric modeling;Buildings;Computational modeling;Energy consumption;Genetic algorithms;Sensors;HVAC;building energy management;building energy simulation;energy conservation;genetic algorithms},
doi={10.1109/IGCC.2013.6604481},}

@Comment{Actor: HPCS User with System: HPCS Resource Manager}
@INPROCEEDINGS{6604508,
author={Newsom, D.K. and Azari, S.F. and Anbar, A. and El-Ghazawi, T.},
booktitle={Green Computing Conference (IGCC), 2013 International},
title={{Locality-aware power optimization and measurement methodology for PGAS workloads on SMP clusters}},
year={2013},
month={June},
pages={1-10},
doi={10.1109/IGCC.2013.6604508},}
